<?xml version="1.0" encoding="UTF-8"?>
<record xmlns="http://www.loc.gov/MARC21/slim" xmlns:xsi="http://www.w3.org/2001/XMLSchema-instance" xsi:schemaLocation="http://www.loc.gov/MARC21/slim http://www.loc.gov/standards/marcxml/schema/MARC21slim.xsd">
<leader>     nam a2200301 a 4500</leader>
<controlfield tag="001">001720996</controlfield>
<controlfield tag="003">NNU</controlfield>
<controlfield tag="005">20061010171012.0</controlfield>
<controlfield tag="008">010416q19501959ua       b    000 0 ara d</controlfield>
<datafield tag="035" ind1="9" ind2=" ">
<subfield code="a">NYUb12276613</subfield>
</datafield>
<datafield tag="035" ind1=" " ind2=" ">
<subfield code="a">(CStRLIN)NYUG01-B1724</subfield>
</datafield>
<datafield tag="040" ind1=" " ind2=" ">
<subfield code="a">NNU</subfield>
<subfield code="c">NNU</subfield>
</datafield>
<datafield tag="050" ind1=" " ind2="4">
<subfield code="a">BP175.J5</subfield>
<subfield code="b">S586</subfield>
</datafield>
<datafield tag="066" ind1=" " ind2=" ">
<subfield code="c">(3</subfield>
</datafield>
<datafield tag="090" ind1=" " ind2=" ">
<subfield code="a">BP175.J5</subfield>
<subfield code="b">S586</subfield>
</datafield>
<datafield tag="100" ind1="1" ind2=" ">
<subfield code="6">880-01</subfield>
<subfield code="a">Shāṭibī, Ibrāhīm ibn Mūsá,</subfield>
<subfield code="d">d. 1388.</subfield>
</datafield>
<datafield tag="245" ind1="1" ind2="3">
<subfield code="6">880-02</subfield>
<subfield code="a">al-Muwāfaqāt fī uṣūl al-sharīʻah /</subfield>
<subfield code="c">li-Abī Isḥāq al-Shāṭibī, wa-huwa Ibrāhīm ibn Mūsá al-Lakhmī al-Gharnāṭī al-Mālikī ; wa-ʻalayhi sharḥ jalīl li-tahrīr daʻāwīhi wa-kashf marāmīh, wa-takhrīj aḥādīthih, wa-naqd arāʼih naqdan ʻilmīyan yaʻtamidu ʻalá al-naẓar al-ʻaqlī wa-ʻalá rūḥ al-tashrīʻ wa-nuṣūṣihi bi-qalam ʻAbd Allāh Darāz ; wa-qad ʻuniya bi-ḍabṭih wa-tafṣīlihi wa-waḍaʻa tarājimihi Muḥammad ʻAbd Allāh Darāz.</subfield>
</datafield>
<datafield tag="260" ind1=" " ind2=" ">
<subfield code="6">880-03</subfield>
<subfield code="a">Miṣr :</subfield>
<subfield code="b">Yuṭlabu min al-Maktabah al-Tijārīyah al-Kubrá,</subfield>
<subfield code="c">[195-?]</subfield>
</datafield>
<datafield tag="300" ind1=" " ind2=" ">
<subfield code="a">4 v. ;</subfield>
<subfield code="c">24 cm.</subfield>
</datafield>
<datafield tag="504" ind1=" " ind2=" ">
<subfield code="a">Includes bibliographical references.</subfield>
</datafield>
<datafield tag="650" ind1=" " ind2="0">
<subfield code="a">Islamic law</subfield>
<subfield code="x">Interpretation and construction</subfield>
<subfield code="v">Early works to 1800.</subfield>
</datafield>
<datafield tag="700" ind1="1" ind2=" ">
<subfield code="6">880-04</subfield>
<subfield code="a">Darāz, ʻAbd Allāh.</subfield>
</datafield>
<datafield tag="700" ind1="1" ind2=" ">
<subfield code="6">880-05</subfield>
<subfield code="a">Darāz, Muḥammad ʻAbd Allāh.</subfield>
</datafield>
<datafield tag="880" ind1="1" ind2=" ">
<subfield code="6">100-01/</subfield>
<subfield code="a">شاطبي، ابراهين بن موسى.</subfield>
</datafield>
<datafield tag="880" ind1="1" ind2="2">
<subfield code="6">245-02/</subfield>
<subfield code="a">الموافقات في اصول الشريعة /</subfield>
<subfield code="c">لأبي اسحاق الشاطبي، وهوابراهيم بن موسى اللخمي الغرناطي المالكي ؛ وعليه شرح جليل لتحرير دعاويه وكشف مراميه، وتخريج أحاديثه، ونقد آرائه نقدا علميا يعتمد على النظر العقلي روح التشريع ونصوصه بقلم عبد الله دراز ؛ وقد عنى بضبطه وتفصيله ووضع تراجمه محمد عبد الله دراز.</subfield>
</datafield>
<datafield tag="880" ind1=" " ind2=" ">
<subfield code="6">260-03/</subfield>
<subfield code="a">مصر :</subfield>
<subfield code="b">يطلب من المكتبة التجارية الكبرى،</subfield>
<subfield code="c">[195-?]</subfield>
</datafield>
<datafield tag="880" ind1="1" ind2=" ">
<subfield code="6">700-04/</subfield>
<subfield code="a">دراز، عبد الله.</subfield>
</datafield>
<datafield tag="880" ind1="1" ind2=" ">
<subfield code="6">700-05/</subfield>
<subfield code="a">دراز، محمد عبد الله.</subfield>
</datafield>
<datafield tag="OWN" ind1=" " ind2=" ">
<subfield code="a">GENERAL</subfield>
</datafield>
<datafield tag="998" ind1=" " ind2=" ">
<subfield code="a">20010416</subfield>
<subfield code="d">20010416</subfield>
<subfield code="d">20010512</subfield>
<subfield code="n">NNU</subfield>
<subfield code="s">1</subfield>
<subfield code="t">c</subfield>
<subfield code="z">p</subfield>
</datafield>
<datafield tag="AVA" ind1=" " ind2=" ">
<subfield code="a">NYU50</subfield>
<subfield code="b">BOBST</subfield>
<subfield code="c">Main Collection</subfield>
<subfield code="d">BP175.J5 S586</subfield>
<subfield code="e">unavailable</subfield>
<subfield code="t">Unavailable</subfield>
<subfield code="f">3</subfield>
<subfield code="g">3</subfield>
<subfield code="h">Y</subfield>
<subfield code="i">0</subfield>
<subfield code="j">MAIN</subfield>
<subfield code="k">0</subfield>
</datafield>
</record>
